
@article{Bearman_1994,
	title = {Demain, des musées automatisés},
	url = {https://unesdoc.unesco.org/ark:/48223/pf0000097358_fre.locale=fr},
	language = {fr},
	number = {1},
	urldate = {2024-09-11},
	journal = {Museum international, XLVI, 1, p. 38-41, illus.},
	author = {Bearman, David},
	year = {1994},
	pages = {38-41},	
}

@misc{europeana,
 title = {À propos d'Europeana},
	author = {Europeana},
	keywords = {Europeana},
        urldate = {2024-09-11},
        url ={https://www.europeana.eu/fr/about-us}
}

@misc{data_space,
	title = {Common European data space for cultural heritage},
	url = {https://www.dataspace-culturalheritage.eu/en},
	language = {en},
	urldate = {2024-09-13},
        author = {Europeana},
	keywords = {dataspace}
}

@misc{eecd,
        title = {Espaces européens communs de données},
        url = {https://digital-strategy.ec.europa.eu/fr/policies/data-spaces}, 
        urldate = {2024-09-13},
        author ={Commission européenne},
        keyword = {dataspace}
}

@misc{pop,
        title = {POP, un outil au service de la connaissance du patrimoine français},
        url = {https://pop.culture.gouv.fr/apropos},
        urldate = {2024-09-13},
        author ={Ministère de Culture},
        keyword = {pop}
}

@book{borman_2020,
    author = {Borgman, Christine L.},
    abstract ={Puisant ses analyses et ses exemples dans des champs scientifiques variés, cet ouvrage (dont l’original est paru en 2015 chez MIT Press) offre une étude inédite des utilisations des données au sein des infrastructures de la connaissance – utilisations qui varient largement d’une discipline à l’autre.
    Bien que le big data ait régulièrement les honneurs de la presse des deux côtés de l’Atlantique, Christine L. Borgman met en évidence qu’il vaut mieux disposer des bonnes données qu’en avoir beaucoup. Elle montre également que les little data peuvent s’avérer aussi précieuses que les big data, et, que, dans bien des cas, il n’y a aucune donnée, parce que les informations pertinentes n’existent pas, sont introuvables ou sont indisponibles…
    Au travers d’études de cas pratiques issus d’horizons divers, Christine L. Borgman met aussi en lumière que les données n’ont ni valeur ni signification isolément : elles s’inscrivent au sein d’une infrastructure de la connaissance, c’est-à-dire d’un écosystème de personnes, de pratiques, de technologies, d’institutions, d’objets matériels et de relations.
    Pour l’autrice, gérer les données et les exploiter sur le long terme requiert ainsi des investissements massifs dans ces infrastructures de la connaissance. L’avenir de la recherche, dans un monde en réseau, en dépend.},
    license= { https://creativecommons.org/licenses/by-nc-nd/4.0/},
    title = {Qu’est-ce que le travail scientifique des données ? Big data, little data, no data},
    publisher = {OpenEdition Press},
    year = {2020},
    isbn = {979-10-365-6541-0},
    isbn = {979-10-365-5038-6},
    doi = {https://doi.org/10.4000/books.oep.14692},
    url = {https://books.openedition.org/oep/14692},
    urldate = {2024-09-11}
}
@book{fayet_scribe_2000,
    author = {Fayet-Scribe, Sylvie},
    abstract ={À la fin du XIXe siècle, l’information devenant pléthorique, les méthodes et les outils permettant de repérer et de retrouver l’information deviennent incontournables pour maîtriser l’accès au savoir. Pour répondre à la nécessité d’organiser, au niveau collectif, l’ensemble des outils d’accès à l’information, un domaine d’activité nouveau se développe : la documentation. Dès 1935, les documentalistes, regroupés au sein d’associations nationales ou internationales, identifient les techniques, mettent en place une terminologie, donnant naissance à la science de l’information. L’auteur s’attache à montrer comment durant la période 1895-1937, la documentation a été explorée, normalisée, organisée.},
    title = {Histoire de la documentation en France},
    publisher = {CNRS Éditions},
    collection = {CNRS Histoire},
    year = {2000},
    chapter ={Chapitre premier. La documentation scientifique et technique face à “l’ordre des livres”},
    doi = {https://doi.org/10.4000/books.editionscnrs.8555.},
    isbn = {978-2-271-09084-3}
}
@book{fayet_scribe_2000_2,
    author = {Fayet-Scribe, Sylvie},
    abstract ={À la fin du XIXe siècle, l’information devenant pléthorique, les méthodes et les outils permettant de repérer et de retrouver l’information deviennent incontournables pour maîtriser l’accès au savoir. Pour répondre à la nécessité d’organiser, au niveau collectif, l’ensemble des outils d’accès à l’information, un domaine d’activité nouveau se développe : la documentation. Dès 1935, les documentalistes, regroupés au sein d’associations nationales ou internationales, identifient les techniques, mettent en place une terminologie, donnant naissance à la science de l’information. L’auteur s’attache à montrer comment durant la période 1895-1937, la documentation a été explorée, normalisée, organisée.},
    title = {Histoire de la documentation en France},
    publisher = {CNRS Éditions},
    collection = {CNRS Histoire},
    year = {2000},
    chapter ={Chapitre II. De la bibliographie à la documentation },
    doi = {https://doi.org/10.4000/books.editionscnrs.8556.},
    isbn = {978-2-271-09084-3}
}


@article{fondin_si_2006,
	title = {La science de l’information ou le poids de l’histoire},
	url = {https://lesenjeux.univ-grenoble-alpes.fr/2005/varia/04-la-science-de-linformation-ou-le-poids-de-lhistoire},
	urldate = {2024-09-13},
	journal = {Les Enjeux de l’Information et de la Communication},
	author = {Fondin, Hubert},
	number = {06/1},
	year = {2005},
	keywords = {Science},
}

@article{leroi_sajus_2016,
    author = {Sajus, Bertrand ; Leroi, Marie-Véronique} ,
    title = {Le développement du web des données culturelles. Les enjeux pour le ministère de la Culture et de la Communication},
    journal = {I2D - Information, données&documents},
    year = {2016},
    volume = {53},
    pages = {46-47},
    url= {https://shs.cairn.info/revue-i2d-information-donnees-et-documents-2016-2-page-46?lang=fr}
}
@misc{icom_normes,
    author = {ICOM},
    url ={https://icom.museum/fr/ressources/normes-et-lignes-directrices/normes/},
    urldate = {2024-09-24}
}

@article{falconnet_sirdey_borda,
    author = {Borda, Xavier},
    author = {Falconnet, Véronique}, 
    author ={Sirdey, Jérôme},
    title = {«Le catalogue collectif de France, pour quoi faire ? : état des lieux et évolutions à venir»},
    journal = {Bulletin des bibliothèques de France (BBF)},
    year = {2011},
    volume = {2},
    pages = {71-76},
    url= {https://bbf.enssib.fr/consulter/bbf-2011-02-0071-001},
    urldate= {2024-09-13},
    issn = {ISSN 1292-8399}
}
@misc{ontologie,
    title = {ontologie informatique},
    note = {FranceTerme},
    author ={Ministère de la Culture},
    url ={https://www.culture.fr/franceterme/terme/INFO983},
    urldate={2024-09-13}
}
@misc{thesaurus,
    title= {Thésaurus, de la désignation des objets mobiliers},
    url = {https://www.culture.gouv.fr/Media/medias-creation-rapide-ne-pas-supprimer/thesaurus-de-la-designation-des-objets-mobiliers#:~:text=Un%20th%C3%A9saurus%20est%20un%20langage,documentaire%2C%20aujourd'hui%20informatis%C3%A9},
    urldate = {2024-09-13}, 
    author = {Inventaire général du patrimoine culturel - Ministère de la Culture et de la Communication},
    note = {Documents \& méthodes}, 
    number= {8}
}
@misc{numerisation,
        title = {Accompagnement à la numérisation},
        url = {https://www.culture.gouv.fr/Thematiques/innovation-numerique/Soutien-a-la-numerisation-a-la-diffusion-et-a-la-valorisation-des-contenus-culturels/Accompagnement-a-la-numerisation},
        urldate = {2024-09-13},
        author = {Ministère de la Culture}
}
@misc{rdf_champin,
    title={RDF : Resource Description Framework}, 
    author = {Pierre-Antoine Champin}, 
    url = {https://perso.liris.cnrs.fr/pierre-antoine.champin/enseignement/semweb/rdf.html}, 
    urldate= {2024-09-13}

}
@misc{art_4_2020, 
        title = {Arrêté du 31 décembre 2020 relatif aux missions et à l'organisation de la direction générale des patrimoines et de l'architecture
}, 
    number = {article 4}, 
    url = {https://www.legifrance.gouv.fr/jorf/article_jo/JORFARTI000042845631}, 
    urldate = {2024-09-13}, 
    publisher = {Journal Officiel}
}
@misc{loi_2002,
    title = {LOI n° 2002-5 du 4 janvier 2002 relative aux musées de France},
    url= {https://www.legifrance.gouv.fr/jorf/id/JORFTEXT000000769536},
    urldate ={2024-09-12},
    publisher= {Journal Officiel}
}
@article{andreacola_2014,
    author = {Andreacola, Florence},
    title = {Musée et numérique, enjeux et mutations},
    journal = {Revue française des sciences de l’information et de la communication},
    number = {5},
    year = {2014},
    doi = {https://doi.org/10.4000/rfsic.1056},
    url = {http://journals.openedition.org/rfsic/1056},
    urldate = {2024-09-13}
}
@misc{recolement,
    title = {Inventorier et récoler les collections des musées de France},
    date = {2020-11-18},
    author= {Ministère de la Culture}, 
    url = {https://www.culture.gouv.fr/Thematiques/Musees/Pour-les-professionnels/Conserver-et-gerer-les-collections/Gerer-les-collections/Inventorier-et-recoler-les-collections-des-musees-de-France},
    urldate = {2024-09-13}
}

@misc{muséofile,
    title = {Répertoire des Musées de France : base Muséofile},
    date = {2024-09-10},
    author= {Ministère de la Culture}, 
    url = {https://data.culture.gouv.fr/explore/dataset/musees-de-france-base-museofile/information/?disjunctive.region&disjunctive.departement},
    urldate = {2024-09-13}
}
@misc{Joconde,
    title = {Collections des musées de France : base Joconde},
    date = {2024-09-11},
    author= {Ministère de la Culture}, 
    url = {https://www.data.gouv.fr/fr/datasets/collections-des-musees-de-france-base-joconde/},
    urldate = {2024-09-13}
}
@misc{base_Joconde,
    title = {Collections des musées de France : base Joconde},
    author= {Cour de France}, 
    url = {https://cour-de-france.fr/actualites/liens-utiles/bases-de-donnees/article/base-joconde-catalogue-des-collections-des-musees-de-france},
    urldate = {2024-09-13}
}
@article{CapData_Opera,
    title = {CapData Opéra : faciliter l’interopérabilité des données des maisons d’opéra},
    date = {2024-07},
    author= {E Peyre, F Amarger, N Chauvat}, 
    note = {10 ème Conférence Nationale sur les Applications Pratiques de l’Intelligence Artificielle},
    url = {https://hal.science/hal-04639095/document},
    urldate = {2024-09-10}
}

@misc{thesaurus_getty_wiki,
    title = {Getty Thesaurus of Geographic Names},
    publisher = {Wikipedia, the free encyclopedia}, 
    url = {https://en.wikipedia.org/wiki/Getty_Thesaurus_of_Geographic_Names}, 
    urldate= {2024-09-09}

}
@misc{aat-getty,
url = {https://collectionstrust.org.uk/resource/art-and-architecture-thesaurus-aat-getty/},
title = {Art and Architecture Thesaurus (AAT) (Getty)}, 
urldate= {2024-09-09}


}

@misc{getty_theso,
    url = {https://www.getty.edu/research/tools/vocabularies/aat/} ,
    title = {Art \& Architecture Thesaurus® Online}, 
    urldate= {2024-09-09}
}

@misc{opentheso, 
    url= {https://opentheso.huma-num.fr/opentheso/},
    urldate= {2024-09-09},
    title= {Opentheso,HumaNum}
}

@misc{opentheo_hypo,
    url= {https://opentheso.hypotheses.org/},
    title= {Opentheso, Hypotheses},
}
@misc{Lido_v1,
    title = {LIDO - Lightweight Information Describing Objects Version 1.1},
    date = {2021-12-20},
    author= {ICOM-CIDOC LIDO Working Group}, 
    url = {https://lido-schema.org/schema/v1.1/lido-v1.1.html},
    urldate = {2024-09-13}
}

@misc{lido_primer,
    title = {Lido Primer},
    publisher= { CIDOC LIDO Working Group},
    url = {https://lido-schema.org/documents/primer/latest/lido-primer.html},
    urldate={2024-09-12}
}
@misc{FranceArchives_entrees,
    title = {Publication d'un modèle de données pour les registres des entrées des services d'archives},
    date = {2022-7-8},
    author= {FranceArchives}, 
    url = {https://francearchives.gouv.fr/fr/article/293123114},
    urldate = {2024-09-13}
}
@article{clavaud,
    author = {Clavaud, Florence},
    title = {Transformer les métadonnées des Archives nationales en graphe de données : enjeux et premières
réalisations.},
    journal = {La Gazette des archives},
    year = {2019},
    number = {n°254},
    pages = {59-88},
    url = {https://www.persee.fr/doc/gazar_0016-5522_2019_num_254_2_5857?q=florence%20clavaud},
    urldate= {2024-08-26},
    doi= {https://doi.org/10.3406/gazar.2019.5857;}
}



